@article{DBLP:journals/corr/abs-1807-07306,
  author    = {Daniel T. Braithwaite and
               W. Bastiaan Kleijn},
  title     = {Bounded Information Rate Variational Autoencoders},
  journal   = {CoRR},
  volume    = {abs/1807.07306},
  year      = {2018},
  url       = {http://arxiv.org/abs/1807.07306},
  eprinttype = {arXiv},
  eprint    = {1807.07306},
  timestamp = {Mon, 13 Aug 2018 16:49:01 +0200},
  biburl    = {https://dblp.org/rec/journals/corr/abs-1807-07306.bib},
  bibsource = {dblp computer science bibliography, https://dblp.org}
}
